<?xml version="1.0" encoding="UTF-8"?><collection xmlns="http://www.loc.gov/MARC21/slim"><record><leader>00401nam--2200157-i-4500</leader><controlfield tag="001">000017155</controlfield><controlfield tag="002">20161230</controlfield><controlfield tag="005">20170121213127</controlfield><controlfield tag="008">060222s1000------------r-----000-0-eng-d</controlfield><datafield ind1=" " ind2=" " tag="080"><subfield code="a">929:53(092)(01)</subfield></datafield><datafield ind1=" " ind2=" " tag="100"><subfield code="a">Buda, Cesar</subfield></datafield><datafield ind1=" " ind2=" " tag="245"><subfield code="a">Viata si opera lui stefan procopiu</subfield></datafield><datafield ind1=" " ind2=" " tag="260"><subfield code="a">Iasi</subfield><subfield code="b">Ed.Fundatia Chemarea</subfield><subfield code="c">1993</subfield></datafield><datafield ind1=" " ind2=" " tag="300"><subfield code="a">327 p. + 10 Fig</subfield></datafield><datafield ind1=" " ind2=" " tag="852"><subfield code="a">80089</subfield></datafield><datafield ind1=" " ind2=" " tag="CAT"><subfield code="a">SYS</subfield><subfield code="c">20170121</subfield><subfield code="h">213127</subfield></datafield></record></collection>